%% This BibTeX bibliography file was created using BibDesk.
%% http://bibdesk.sourceforge.net/

%% Created for Adri√°n Arnaiz at 2020-09-19 12:15:11 

	
@book{tfm_cunha,
    title={El trabajo de fin de grado y de m{\'a}ster: Redacci{\'o}n, defensa y publicaci{\'o}n},
    author={Cunha, Irida da},
    year={2016},
    publisher={Editorial UOC}
}

@article{pinaya2019,
    title={Using deep autoencoders to identify abnormal brain structural patterns in neuropsychiatric disorders: A large-scale multi-sample study},
    author={Pinaya, Walter HL and Mechelli, Andrea and Sato, Jo{\~a}o R},
    journal={Human brain mapping},
    volume={40},
    number={3},
    pages={944--954},
    year={2019},
    publisher={Wiley Online Library}
}

@inproceedings{myronenko20183d,
  title={3D MRI brain tumor segmentation using autoencoder regularization},
  author={Myronenko, Andriy},
  booktitle={International MICCAI Brainlesion Workshop},
  pages={311--320},
  year={2018},
  organization={Springer}
}

@article{marquand2016normative,
  title={Understanding heterogeneity in clinical cohorts using normative models: beyond case-control studies},
  author={Marquand, Andre F and Rezek, Iead and Buitelaar, Jan and Beckmann, Christian F},
  journal={Biological psychiatry},
  volume={80},
  number={7},
  pages={552--561},
  year={2016},
  publisher={Elsevier}
}

@article{mourao2011outlier,
  title={Patient classification as an outlier detection problem: an application of the one-class support vector machine},
  author={Mour{\~a}o-Miranda, Janaina and Hardoon, David R and Hahn, Tim and Marquand, Andre F and Williams, Steve CR and Shawe-Taylor, John and Brammer, Michael},
  journal={Neuroimage},
  volume={58},
  number={3},
  pages={793--804},
  year={2011},
  publisher={Elsevier}
}

@article{tamada2020review,
  title={Noise and artifact reduction for MRI using deep learning},
  author={Tamada, Daiki},
  journal={arXiv},
  volume={abs/2002.12889},
  year={2020},
  Url = {https://arxiv.org/pdf/2002.12889.pdf}
}

@article{abou2006neuroimaging,
  title={Neuroimaging in psychiatry: an update},
  author={Abou-Saleh, Mohammed T},
  journal={Journal of Psychosomatic Research},
  volume={61},
  number={3},
  pages={289--293},
  year={2006},
  publisher={Elsevier}
}

@inproceedings{GanDataAugment2018,
  title={Infinite Brain Tumor Images: Can GAN-based Data Augmentation Improve Tumor Detection on MR Images?},
  author={Han, Changhee and Rundo, Leonardo and Araki, Ryosuke and Furukawa, Yujiro and Mauri, Giancarlo and Nakayama, Hideki and Hayashi, Hideaki},
  booktitle={Proc. Meeting on Image Recognition and Understanding (MIRU 2018), Sapporo, Japan},
  year={2018}
}

@article{fastmri,
  title={fastmri: A publicly available raw k-space and dicom dataset of knee images for accelerated mr image reconstruction using machine learning},
  author={Knoll, Florian and Zbontar, Jure and Sriram, Anuroop and Muckley, Matthew J and Bruno, Mary and Defazio, Aaron and Parente, Marc and Geras, Krzysztof J and Katsnelson, Joe and Chandarana, Hersh and others},
  journal={Radiology: Artificial Intelligence},
  volume={2},
  number={1},
  pages={e190007},
  year={2020},
  publisher={Radiological Society of North America}
}

@article{artifacts86,
  title={MR artifacts: a review},
  author={Bellon, Errol M and Haacke, E Mark and Coleman, Paul E and Sacco, Damon C and Steiger, David A and Gangarosa, Raymond E},
  journal={American Journal of Roentgenology},
  volume={147},
  number={6},
  pages={1271--1281},
  year={1986},
  publisher={Am Roentgen Ray Soc}
}

@article{filtermeth12,
  title={Review of noise reducing algorithms for brain MRI images},
  author={Balafar, MA},
  journal={methods},
  volume={10},
  pages={11},
  year={2012}
}

@article{autoencoder,
  title={Reducing the dimensionality of data with neural networks},
  author={Hinton, Geoffrey E and Salakhutdinov, Ruslan R},
  journal={science},
  volume={313},
  number={5786},
  pages={504--507},
  year={2006},
  publisher={American Association for the Advancement of Science}
}

@inproceedings{bermudez2018t1autoencoder,
  title={Learning implicit brain MRI manifolds with deep learning},
  author={Bermudez, Camilo and Plassard, Andrew J and Davis, Larry T and Newton, Allen T and Resnick, Susan M and Landman, Bennett A},
  booktitle={Medical Imaging 2018: Image Processing},
  volume={10574},
  pages={105741L},
  year={2018},
  organization={International Society for Optics and Photonics}
}

@inproceedings{gondara2016medicalautoencoder,
  title={Medical image denoising using convolutional denoising autoencoders},
  author={Gondara, Lovedeep},
  booktitle={2016 IEEE 16th International Conference on Data Mining Workshops (ICDMW)},
  pages={241--246},
  year={2016},
  organization={IEEE}
}

@article{kidoh2019scnnt1,
  title={Deep learning based noise reduction for brain MR imaging: tests on phantoms and healthy volunteers},
  author={Kidoh, Masafumi and Shinoda, Kensuke and Kitajima, Mika and Isogawa, Kenzo and Nambu, Masahito and Uetani, Hiroyuki and Morita, Kosuke and Nakaura, Takeshi and Tateishi, Machiko and Yamashita, Yuichi and others},
  journal={Magnetic Resonance in Medical Sciences},
  pages={mp--2019},
  year={2019},
  publisher={Japanese Society for Magnetic Resonance in Medicine}
}

@article{ganHR3d,
  title={Retrospective correction of motion artifact affected structural MRI images using deep learning of simulated motion},
  journal = {MIDL 2018 Conference},
  author={Duffy, Ben A and Zhang, Wenlu and Tang, Haoteng and Zhao, Lu and Law, Meng and Toga, Arthur W and Kim, Hosung},
  year={2018}
}

@article{dncnnnoise2noise,
  title={Accelerated Acquisition of High-resolution Diffusion-weighted Imaging of the Brain with a Multi-shot Echo-planar Sequence: Deep-Learning-based Denoising},
  author={Kawamura, Motohide and Tamada, Daiki and Funayama, Satoshi and Kromrey, Marie-Luise and Ichikawa, Shintaro and Onishi, Hiroshi and Motosugi, Utaroh},
  journal={Magnetic Resonance in Medical Sciences},
  pages={tn--2019},
  year={2020},
  publisher={Japanese Society for Magnetic Resonance in Medicine}
}

@article{fuzzyautoencoder,
  title={Denoising approaches using fuzzy logic and convolutional autoencoders for human brain MRI image},
  author={Chauhan, Nishant and Choi, Byung-Jae},
  journal={International Journal of Fuzzy Logic and Intelligent Systems},
  volume={19},
  number={3},
  pages={135--139},
  year={2019},
  publisher={Korean Institute of Intelligent Systems}
}

@article{superresolution,
  title={Image restoration using convolutional auto-encoders with symmetric skip connections},
  author={Mao, Xiao-Jiao and Shen, Chunhua and Yang, Yu-Bin},
  journal={arXiv preprint arXiv:1606.08921},
  year={2016}
}

@article{wganautoencoder,
  title={Denoising of 3D magnetic resonance images using a residual encoder--decoder Wasserstein generative adversarial network},
  author={Ran, Maosong and Hu, Jinrong and Chen, Yang and Chen, Hu and Sun, Huaiqiang and Zhou, Jiliu and Zhang, Yi},
  journal={Medical image analysis},
  volume={55},
  pages={165--180},
  year={2019},
  publisher={Elsevier}
}

@inproceedings{scnnmotion,
  title={Motion correction in MRI using deep learning},
  author={Johnson, PM and Drangova, M},
  booktitle={Proceedings of the ISMRM Scientific Meeting \& Exhibition, Paris},
  volume={4098},
  year={2018}
}





@book{fotomri, 
    title={Magnetic Resonance Imaging (MRI) of the Brain and Spine: Basics}, 
    url={https://case.edu/med/neurology/NR/MRI Basics.htm},
    publisher={Case Western Reserve University}, 
    author={Preston, David C}, 
    year={2006}
}

@article{fotoDenoisedMri,
  title={Adaptive non-local means denoising of MR images with spatially varying noise levels},
  author={Manj{\'o}n, Jos{\'e} V and Coup{\'e}, Pierrick and Mart{\'\i}-Bonmat{\'\i}, Luis and Collins, D Louis and Robles, Montserrat},
  journal={Journal of Magnetic Resonance Imaging},
  volume={31},
  number={1},
  pages={192--203},
  year={2010},
  publisher={Wiley Online Library}
}